@article{nakamoto2008,
  title={Bitcoin: A Peer-to-peer Electronic Cash System},
  author={Nakamoto, Satoshi},
  year={2008}
}

@article{buterin2013,
  author={Vitalik Buterin},
  title={Ethereum: A Next-Generation Smart Contract and Decentralized Application Platform},
  year={2013},
  url={https://github.com/ethereum/wiki/wiki/White-Paper}
}

@article{popov2017,
  title={The Tangle},
  author={Serguei Popov},
  year={2017},
  url={https://iotatoken.com/IOTA_Whitepaper.pdf}
}

@inproceedings{kaskaloglu2014,
  title={Near Zero Bitcoin Transaction Fees Cannot Last Forever},
  author={Kaskaloglu, Kerem},
  booktitle={The International Conference on Digital Security and Forensics},
  pages={91--99},
  year={2014},
  organization={The Society of Digital Information and Wireless Communication}
}

@article{van2014,
  title={Why Bitcoin Has Value},
  author={Van Alstyne, Marshall},
  journal={Communications of the ACM},
  volume={57},
  number={5},
  pages={30--32},
  year={2014},
  publisher={ACM}
}

@article{andreessen2014,
  title={Why Bitcoin Matters},
  author={Andreessen, Marc},
  journal={New York Times},
  volume={21},
  year={2014}
}

@article{pilkington2016,
  title={Blockchain Technology: Principles and Applications},
  author={Pilkington, Marc},
  journal={Research Handbook on Digital Transformations},
  pages={225},
  year={2016},
  publisher={Edward Elgar Publishing}
}

@inproceedings{karame2012,
  title={Double-spending Fast Payments in Bitcoin},
  author={Karame, Ghassan O. and Androulaki, Elli and Capkun, Srdjan},
  booktitle={Proceedings of the 2012 ACM conference on Computer and communications security},
  pages={906--917},
  year={2012},
  organization={ACM}
}

@inproceedings{everaere2010,
  title={Double Spending Protection for E-cash Based on Risk Management},
  author={Everaere, Patricia and Simplot-Ryl, Isabelle and Traor{\'e}, Issa},
  booktitle={International Conference on Information Security},
  pages={394--408},
  year={2010},
  organization={Springer}
}

@techreport{boyen2016,
  title={Blockchain-free Cryptocurrencies: A Framework for Truly Decentralised Fast Transactions},
  author={Boyen, Xavier and Carr, Christopher and Haines, Thomas},
  year={2016},
  institution={Cryptology ePrint Archive, Report 2016/871}
}

@inproceedings{moser2015,
  title={Trends, Tips, Tolls: A Longitudinal Study of Bitcoin Transaction Fees},
  author={M{\"o}ser, Malte and B{\"o}hme, Rainer},
  booktitle={International Conference on Financial Cryptography and Data Security},
  pages={19--33},
  year={2015},
  organization={Springer}
}

@article{kiayias2015,
  title={Speed-Security Tradeoffs in Blockchain Protocols},
  author={Kiayias, Aggelos and Panagiotakos, Giorgos},
  journal={IACR Cryptology ePrint Archive},
  volume={2015},
  pages={1019},
  year={2015}
}

@article{iwamura2014,
  title={Can we stabilize the price of a Cryptocurrency?: Understanding the design of Bitcoin and its potential to compete with Central Bank money},
  author={Iwamura, Mitsuru and Kitamura, Yukinobu and Matsumoto, Tsutomu and Saito, Kenji},
  year={2014}
}

@misc{back1997,
  title={Hashcash},
  author={Back, Adam},
  year={1997}
}

@article{hayes2017,
  title={Cryptocurrency value formation: An empirical study leading to a cost of production model for valuing bitcoin},
  author={Hayes, Adam S},
  journal={Telematics and Informatics},
  volume={34},
  number={7},
  pages={1308--1321},
  year={2017},
  publisher={Elsevier}
}

@article{iwamura2014a,
  title={Is bitcoin the only cryptocurrency in the town? Economics of cryptocurrency and Friedrich A. Hayek},
  author={Iwamura, Mitsuru and Kitamura, Yukinobu and Matsumoto, Tsutomu},
  year={2014}
}

@article{cheah2015,
  title={Speculative bubbles in Bitcoin markets? An empirical investigation into the fundamental value of Bitcoin},
  author={Cheah, Eng-Tuck and Fry, John},
  journal={Economics Letters},
  volume={130},
  pages={32--36},
  year={2015},
  publisher={Elsevier}
}

@inproceedings{bohr2014,
  title={Who uses bitcoin? an exploration of the bitcoin community},
  author={Bohr, Jeremiah and Bashir, Masooda},
  booktitle={Privacy, Security and Trust (PST), 2014 Twelfth Annual International Conference on},
  pages={94--101},
  year={2014},
  organization={IEEE}
}

@article{fekkes2018,
  title={Comparing Bitcoin and Ethereum},
  author={Fekkes, Lotte and Batina, Lejla and Papachristodoulou, Louiza and de Ruiter, Joeri},
  year={2018}
}
